@book{anderson1994statistical,
	title={The Statistical Analysis of Time Series},
	author={Anderson, T.W.},
	isbn={9780471047452},
	lccn={70126222},
	series={Wiley Classics Library},
	url={https://books.google.it/books?id=4TrtbEEpvDoC},
	year={1994},
	publisher={Wiley}
}

@book{book,
	author = {ISPRA},
	year = {2013},
	month = {01},
	pages = {},
	title = {Linee guida per l’analisi e l’elaborazione statistica di base delle serie storiche di dati idrologici, ISPRA - Manuali e Linee Guida 84/2013, Roma},
	isbn = {978-88-448-0584-5}
}

@book{ross2008probabilita,
	title={Probabilit{\`a} e statistica per l'ingegneria e le scienze},
	author={Ross, S.M. and Morandin, F.},
	isbn={9788850325801},
	series={Idee \& strumenti},
	url={https://books.google.it/books?id=7Q8oKde1jXwC},
	year={2008},
	publisher={Maggioli}
}

@book{brown2002statistics,
	title={Statistics for Environmental Engineers, Second Edition},
	author={Brown, L.C. and Berthouex, P.M.},
	isbn={9781420056631},
	url={https://books.google.it/books?id=png6zsomkVQC},
	year={2002},
	publisher={Taylor \& Francis}
}







@article{outliers,
	author = {Herman Aguinis and Ryan K. Gottfredson and Harry Joo},
	title ={Best-Practice Recommendations for Defining, Identifying, and Handling Outliers},
	journal = {Organizational Research Methods},
	volume = {16},
	number = {2},
	pages = {270-301},
	year = {2013},
	doi = {10.1177/1094428112470848},
	
	URL = { 
	https://doi.org/10.1177/1094428112470848
	
	},
	eprint = { 
	https://doi.org/10.1177/1094428112470848
	
	}
	
}


@article{Moritz2015ComparisonOD,
	title={Comparison of different Methods for Univariate Time Series Imputation in R},
	author={Steffen Moritz and Alexis Sard{\'a} and Thomas Bartz-Beielstein and Martin Zaefferer and J{\"o}rg Stork},
	journal={CoRR},
	year={2015},
	volume={abs/1510.03924}
}

@Manual{introR,
	title = {R: A Language and Environment for Statistical Computing},
	author = {{R Core Team}},
	organization = {R Foundation for Statistical Computing},
	address = {Vienna, Austria},
	year = {2018},
	url = {https://www.R-project.org/},
}


@article{article,
	author = {Kang, Hyun},
	year = {2013},
	month = {05},
	pages = {402-6},
	title = {The prevention and handling of the missing data},
	volume = {64},
	booktitle = {Korean journal of anesthesiology}
}

@book{MA,
	title={A Text Book of Hydrology},
	author={Reddy, P.J.R.},
	isbn={9788170080992},
	url={https://books.google.it/books?id=5BwmnVsO\_noC},
	year={2005},
	publisher={Laxmi Publications}
}

@book{vismara,
	title={Depurazione biologica: teoria e processi},
	author={Vismara, R.},
	isbn={9788820312800},
	lccn={84124532},
	url={https://books.google.it/books?id=EzkQAAAACAAJ},
	year={1998},
	publisher={Hoepli}
}

@book{bonomo2008trattamenti,
	title={Trattamenti delle acque reflue},
	author={Bonomo, L.},
	isbn={9788838665189},
	series={Collana di istruzione scientifica: Serie di ambiente e territorio},
	url={https://books.google.it/books?id=kc72LgAACAAJ},
	year={2008},
	publisher={McGraw-Hill Companies}
}

@book{collivignarelli2012ingegneria,
	title={Ingegneria sanitaria-ambientale},
	author={Collivignarelli, C. and Bertanza, G.},
	isbn={9788825173710},
	url={https://books.google.it/books?id=O0GfpwAACAAJ},
	year={2012},
	publisher={Citt{\`a}Studi}
	
}








@article{detrending2,
	author = { Theodore   Alexandrov  and  Silvia   Bianconcini  and  Estela   Bee   Dagum  and  Peter   Maass  and  Tucker   S.   McElroy },
	title = {A Review of Some Modern Approaches to the Problem of Trend Extraction},
	journal = {Econometric Reviews},
	volume = {31},
	number = {6},
	pages = {593-624},
	year  = {2012},
	publisher = {Taylor & Francis},
	doi = {10.1080/07474938.2011.608032},
	
	URL = { 
	https://doi.org/10.1080/07474938.2011.608032
	
	},
	eprint = { 
	https://doi.org/10.1080/07474938.2011.608032
	
	}
	
}

@article{LOESS,
	author = { William S.   Cleveland },
	title = {Robust Locally Weighted Regression and Smoothing Scatterplots},
	journal = {Journal of the American Statistical Association},
	volume = {74},
	number = {368},
	pages = {829-836},
	year  = {1979},
	publisher = {Taylor & Francis},
	doi = {10.1080/01621459.1979.10481038},
	
	URL = { 
	https://www.tandfonline.com/doi/abs/10.1080/01621459.1979.10481038
	
	},
	eprint = { 
	https://www.tandfonline.com/doi/pdf/10.1080/01621459.1979.10481038
	
	}
	
}


@article {Wu14889,
	author = {Wu, Zhaohua and Huang, Norden E. and Long, Steven R. and Peng, Chung-Kang},
	title = {On the trend, detrending, and variability of nonlinear and nonstationary time series},
	volume = {104},
	number = {38},
	pages = {14889--14894},
	year = {2007},
	doi = {10.1073/pnas.0701020104},
	publisher = {National Academy of Sciences},
	issn = {0027-8424},
	URL = {http://www.pnas.org/content/104/38/14889},
	eprint = {http://www.pnas.org/content/104/38/14889.full.pdf},
	journal = {Proceedings of the National Academy of Sciences}
}

@article{regressioneOK,
	title = "Estimating linear temporal trends from aggregated environmental monitoring data",
	journal = "Ecological Indicators",
	volume = "74",
	pages = "62 - 72",
	year = "2017",
	issn = "1470-160X",
	doi = "https://doi.org/10.1016/j.ecolind.2016.10.036",
	url = "http://www.sciencedirect.com/science/article/pii/S1470160X16306331",
	author = "Richard A. Erickson and Brian R. Gray and Eric A. Eager",
	keywords = "Aquatic invasive species, Long term monitoring, MARSS, Mississippi River, State-space model, Trend estimation"
}

@book{tuning,
	title={Tuning Biological Nutrient Removal Plants},
	author={Hartley, K.},
	isbn={9781780404820},
	url={https://books.google.it/books?id=eyT3AgAAQBAJ},
	year={2013},
	publisher={IWA Publishing}
}

@book{DLgs152,
	title={Decreto Legislativo 5 aprile 2006, n.152, Norme in materia ambientale},
	author={Italia},
	year={2006},
	publisher={Gazzetta Ufficiale N.88, 14/04/06, supplemento ordinario}
}


@book{priestley1981spectral,
	title={Spectral Analysis and Time Series},
	author={Priestley, M.B.},
	number={v. 1-2},
	isbn={9780125649223},
	lccn={80040235},
	series={Probability and mathematical statistics},
	url={https://books.google.it/books?id=olYZAQAAIAAJ},
	year={1981},
	publisher={Academic Press}
}


@book{PTA,
	title={Allegato A3 alla Deliberazione del Consiglio Regionale n. 107 del 5 novembre 2009 e successive modifiche e integrazioni},
	author={RegioneVeneto},
	year={2018},
	publisher={Norme Tecniche di Attuazione del PTA}
}

@Article{ACF,
	author={Z.M. Nopiah and A. Lennie and S. Abdullah and M.Z. Nuawi and A.Z. Nuryazmin and M.N. Baharin},
	title={{The Use of Autocorrelation Function in the Seasonality Analysis for Fatigue Strain Data}},
	journal={Journal of Asian Scientific Research},
	year=2012,
	volume={2},
	number={11},
	pages={782-788},
	month={November},
	keywords={Fatigue; time series; autocorrelation function; seasonal component.}
}

@book{correlation,
	title={Text Book Of Correlations And Regression},
	author={Sharma, A.K.},
	isbn={9788171419357},
	series={DPH mathematics series},
	url={https://books.google.ie/books?id=obb7\_6k6XDQC},
	year={2005},
	publisher={Discovery Publishing House}
}

@article{coeffcorr,
	author={Chowdhury, Anirban Kundu and Debsarkar, Anupam and Chakrabarty, Shibnath},
	title={Novel Methods for Assessing Urban Air Quality: Combined Air and Noise Pollution Approach},
	journal={Journal of Atmospheric Pollution},
	volume={3},
	number={1},
	pages={1--8},
	year={2015},
	url={http://pubs.sciepub.com/jap/3/1/1},
	publisher={Science and Education Publishing}
	}

